@online{what-is-agile,
    author = "Agile Alliance",
    title = "What is Agile?",
    url  = "https://www.agilealliance.org/agile101",
    addendum = "(accessed: 27.01.2019)"
}

@online{what-is-agile-software-development,
    author = "Agile Alliance",
    title = "What is Agile Software Development?",
    url  = "https://www.agilealliance.org/agile101",
    addendum = "(accessed: 27.01.2019)"
}

@incollection{software-engineering-scrum-size,
  author       = {Ian Sommerville}, 
  title        = {Agile project management},
  booktitle    = {Software Engineering},
  publisher    = {Pearson Education},
  year         = 2016,
  chapter      = 3,
  pages        = {85},
  edition      = 10
}

@incollection{rdbms,
    author = {Thomas Connolly, Carolyn Begg},
    title = {The Relational Model},
    booktitle = {Database Systems A Practical Approach to Design, Implementation, and Management},
    publisher = {Pearson Education},
    year = 2015,
    chapter = 4,
    pages = {149},
    edition = 6
}

@incollection{sql-goal,
    author = {Thomas Connolly, Carolyn Begg},
    title = {Introduction to SQL},
    booktitle = {Database Systems A Practical Approach to Design, Implementation, and Management},
    publisher = {Pearson Education},
    year = 2015,
    chapter = 6,
    pages = {192},
    edition = 6
}

@incollection{sql-components,
    author = {Thomas Connolly, Carolyn Begg},
    title = {Introduction to SQL},
    booktitle = {Database Systems A Practical Approach to Design, Implementation, and Management},
    publisher = {Pearson Education},
    year = 2015,
    chapter = 6,
    pages = {192-193},
    edition = 6
}

@incollection{sql-is-a-rdbms,
    author = {Thomas Connolly, Carolyn Begg},
    title = {SQL: Data Manipulation},
    booktitle = {Database Systems A Practical Approach to Design, Implementation, and Management},
    publisher = {Pearson Education},
    year = 2015,
    chapter = 6,
    pages = {191},
    edition = 6
}

@incollection{sql-1nf,
    author = {Thomas Connolly, Carolyn Begg},
    title = {First Normal Form(1NF)},
    booktitle = {Database Systems A Practical Approach to Design, Implementation, and Management},
    publisher = {Pearson Education},
    year = 2015,
    chapter = 14,
    pages = {466},
    edition = 6
}

@incollection{sql-ddl,
    author = {Thomas Connolly, Carolyn Begg},
    title = {The Data Definition Language (DDL)},
    booktitle = {Database Systems A Practical Approach to Design, Implementation, and Management},
    publisher = {Pearson Education},
    year = 2015,
    chapter = 2,
    pages = {90},
    edition = 6
}

@incollection{sql-dml-options,
    author = {Thomas Connolly, Carolyn Begg},
    title = {Data Manipulation},
    booktitle = {Database Systems A Practical Approach to Design, Implementation, and Management},
    publisher = {Pearson Education},
    year = 2015,
    chapter = 6,
    pages = {196},
    edition = 6
}

@online{sql-constraints,
    author = "W3Schools",
    title = "SQL Constraints",
    url  = "https://www.w3schools.com/sql/sql_constraints.asp",
    addendum = "(accessed: 24.02.2019)"
}

@online{what-is-nosql,
    author = "basho",
    title = "NoSQL Databases Explained",
    url  = "http://basho.com/resources/nosql-databases/",
    addendum = "(accessed: 30.01.2019)"
}

@online{what-is-nosql_2,
    author = "Wikipedia",
    title = "NoSQL",
    url  = "https://en.wikipedia.org/wiki/NoSQL",
    addendum = "(accessed: 30.01.2019)"
}

@online{what-is-nosql_3,
    author = "Margaret Rouse",
    title = "NoSQL (Not Only SQL database)",
    url  = "https://searchdatamanagement.techtarget.com/definition/NoSQL-Not-Only-SQL",
    addendum = "(accessed: 30.01.2019)"
}

@online{mariadb_1,
    author = "MariaDB Foundation",
    title = "About MariaDB",
    url  = "https://mariadb.org/about/",
    addendum = "(accessed: 04.02.2019)"
}

@online{mariadb_2,
    author = "panoply blog",
    title = "MariaDB Vs MySQL: In-Depth Comparison 2018",
    url  = "https://blog.panoply.io/a-comparative-vmariadb-vs-mysql",
    addendum = "(accessed: 04.02.2019)"
}

@online{what-is-makerspace,
    author = "Østfold University College",
    title = "Makerspace",
    url = "https://www.hiof.no/english/studies/programmes/itmacs-master-in-applied-computer-science/why-choose/",
    addendum = "(accessed: 05.02.2019)"
}
@incollection{Qualitative-Research,
    author =  {Alasuutari Pertti},
    title = {The rise and relevance of qualitative research},
    publisher = {International Journal of Social Research Methodology},
    year = 2010,
    chapter = 13,
    pages = {139-155},
    addendum = "(accessed: 27.01.2019)"
}
@online{Interview-Methods,
     author =  {Boyce, C. \& Neale, P},
     title = {The rise and relevance of qualitative research},
     publisher    = {Pathfinder International Tool Series},
     url = "http://www2.pathfinder.org/site/DocServer/m_e_tool_series_indepth_interviews.pdf",
     addendum = "(accessed: 04.02.2019)"
}

@online{sql-relationships,
    author = "Susan Harkins",
    title = "Relational databases: Defining relationships between database tables",
    url = "https://www.techrepublic.com/article/relational-databases-defining-relationships-between-database-tables/",
    addendum = "(accessed: 25.02.2019)"
}

@online{stackoverflow-db-statistics,
    author = "Tomer Shay",
    title = "Most popular databases in 2018 according to StackOverflow survey",
    url = "https://www.eversql.com/most-popular-databases-in-2018-according-to-stackoverflow-survey/",
    addendum = "(accessed: 25.02.2019)"
}

@online{sql-schema,
    author = "Craig Buckler",
    title = "SQL Schema vs NoSQL Schemaless",
    url = "https://www.sitepoint.com/sql-vs-nosql-differences/",
    addendum = "(accessed: 25.02.2019)"
}

@online{sql-vs-nosql,
    author = "Craig Buckler",
    title = "The SQL vs NoSQL Holy War",
    url = "https://www.sitepoint.com/sql-vs-nosql-differences/",
    addendum = "(accessed: 25.02.2019)"
}

@online{what-is-cap-theorem,
    author = "Syed Sadat Nazrul",
    title = "CAP Theorem and Distributed Database Management Systems",
    url = "https://towardsdatascience.com/cap-theorem-and-distributed-database-management-systems-5c2be977950e",
    addendum = "(accessed: 25.02.2019)"
}

@online{infoworld-sql-vs-nosql,
    author = "Serdar Yegulalp",
    title = "NoSQL vs. SQL",
    url = "https://www.infoworld.com/article/3240644/nosql/what-is-nosql-nosql-databases-explained.html",
    addendum = "(accessed: 25.02.2019)"
}

@online{mongodb-explains-nosql,
    author = "MongoDB",
    title = "What is NoSQL?",
    url = "https://www.mongodb.com/nosql-explained",
    addendum = "(accessed: 25.02.2019)"
}

@online{mongodb-adv-nosql,
    author = "MongoDB",
    title = "Advantages Of NoSQL",
    url = "https://www.mongodb.com/scale/advantages-of-nosql",
    addendum = "(accessed: 26.02.2019)"
}

@online{nosql-key-value,
    author = "Amazon",
    title = "The key-value database defined",
    url = "https://aws.amazon.com/nosql/key-value/",
    addendum = "(accessed: 25.02.2019)"
}

@online{nosql-graph,
    author = "Amazon",
    title = "The graph database defined",
    url = "https://aws.amazon.com/nosql/graph/",
    addendum = "(accessed: 25.02.2019)"
}

@online{nosql-document-sort,
    author = "Amazon",
    title = "The document database defined",
    url = "https://aws.amazon.com/nosql/document/",
    addendum = "(accessed: 25.02.2019)"
}

@online{nosql-not-rdbms,
    author = "GeeksForGeeks",
    title = "Difference between SQL and NoSQL",
    url = "https://www.geeksforgeeks.org/difference-between-sql-and-nosql/",
    addendum = "(accessed: 25.02.2019)"
}

@online{upwork-sql-adv,
    author = "Upwork",
    title = "SQL vs. NoSQL Databases: What’s the Difference?",
    url = "https://www.upwork.com/hiring/data/sql-vs-nosql-databases-whats-the-difference/",
    addendum = "(accessed: 25.02.2019)"
}

@online{sql-joins,
    author = "W3Schools",
    title = "SQL JOIN",
    url = "https://www.w3schools.com/sql/sql_join.asp",
    addendum = "(accessed: 25.02.2019)"
}

@online{sql-transactions,
    author = "Tutorialspoint",
    title = "Properties of Transactions",
    url = "https://www.tutorialspoint.com/mysql/mysql-transactions.htm",
    addendum = "(accessed: 25.02.2019)"
}

@online {structured-query-language,
    author = "Microsoft",
    title = "Strucured Queary Language (SQL)",
    url = "https://docs.microsoft.com/en-us/sql/odbc/reference/structured-query-language-sql?view=sql-server-2017",
    addendum = "(accessed: 25.02.2019)"
}

@online{technopedia-nosql-scale,
    author = "Techopedia",
    title = "What is the difference between scale-out versus scale-up (architecture, applications, etc.)? ",
    url = "https://www.techopedia.com/7/31151/technology-trends/what-is-the-difference-between-scale-out-versus-scale-up-architecture-applications-etc",
    addendum = "(accessed: 26.02.2019)"
}

@online{omkarsoft-adv-nosql,
    author = "Techopedia",
    title = "What is the difference between scale-out versus scale-up (architecture, applications, etc.)? ",
    url = "https://www.techopedia.com/7/31151/technology-trends/what-is-the-difference-between-scale-out-versus-scale-up-architecture-applications-etc",
    addendum = "(accessed: 26.02.2019)"
}

@online{mariadb-foundation-about,
    author = "The MariaDB Foundation",
    title = "About MariaDB",
    url = "https://mariadb.org/about/",
    addendum = "(accessed: 04.03.2019)"
}

@online{mariadb-about,
    author = "MariaDB",
    title = "About MariaDB Software",
    url = "https://mariadb.com/kb/en/library/about-mariadb-software/",
    addendum = "(accessed: 04.03.2019)"
}

@online{mariadb-sponsors,
    author = "The MariaDB Foundation",
    title = "Sponsors",
    url = "https://mariadb.org/about/supporters/",
    addendum = "(accessed: 04.03.2019)"
}

@online{mariadb-about-searchdatamanagement,
    author = "SearchDataManagement",
    title = "MariaDB",
    url = "https://searchdatamanagement.techtarget.com/definition/MariaDB",
    addendum = "(accessed: 04.03.2019)"
}

@online{mariadb-node-connector,
    author = "MariaDB",
    title = "About MariaDB Connector/Node.js",
    url = "https://mariadb.com/kb/en/library/about-mariadb-connector-nodejs/",
    addendum = "(accessed: 04.03.2019)"
}

@online{mysql-about,
    author = "MySQL",
    title = "About MySQL About MySQL",
    url = "https://www.mysql.com/about/",
    addendum = "(accessed: 04.03.2019)"
}

@online{vue-reactivity,
    author = "Evan You",
    title = "Reactivity in Vue.js",
    url = "https://vuejs.org/v2/guide/reactivity.html",
    addendum = "(accessed: 05.03.2019)"
}

@online{vue-size,
    author = "Evan You",
    title = "Sizes of JS frameworks",
    url = "https://gist.github.com/Restuta/cda69e50a853aa64912d",
    addendum = "(accessed: 05.03.2019)"
}

@online{Node-event-loop,
    author = "Node.js Foundation",
    title = "Event loop",
    url = "https://nodejs.org/en/docs/guides/event-loop-timers-and-nexttick/",
    addendum = "(accessed: 05.03.2019)"

}

@online{Inspiria-SC,
    author = "Inspiria",
    title = "Inspiria Science Centre",
    url = "http://www.inspiria.no/?CatID=1196",
    addendum = "(accessed: 07.03.2019)"

}

@online{heuristic-evaluation,
    author = "Jakob Nielsen",
    title = "How to Conduct a Heuristic Evaluation",
    url = "https://www.nngroup.com/articles/how-to-conduct-a-heuristic-evaluation/",
    addendum = "(accessed: 13.03.2019)"

}

@online{user-interface,
    author = "Margaret Rouse",
    title = "User interface (UI)",
    url = "https://searchmicroservices.techtarget.com/definition/user-interface-UI",
    addendum ="(accessed: 19.03.19)"
}

@online{GUI,
    author = "TechTerms",
    title ="GUI Definition",
    url ="https://techterms.com/definition/gui",
    addendum ="(accessed: 19.03.19)" 
}

@online{UX,
    author ="Margaret Rouse",
    title ="UX (user experience)",
    url ="https://searchcio.techtarget.com/definition/UX-user-experience",
    addendum ="(accessed: 19.03.19)"
}

@online{Qualitative-Research,
    auhtor = "Adi Bhat",
    title = "Qualitative research: definition, types, methods and examples",
    url ="https://www.questionpro.com/blog/qualitative-research-methods/",
    addendum ="()"
}

@incollection{usability-testing,
  author       = {Jeffrey Rubin and Dana Chisnell}, 
  title        = {Handbook of usability testing},
  booktitle    = {How to plan, design and conduct effectiive tests},
  publisher    = {John Wiley and Sons Ltd},
  year         = 2008,
  chapter      = ?,
  pages        = {384},
  edition      = 2
}

@online{finn_nominert,
    author = "finn.no",
    title = "FINN.no topp 30 innen design i Norge!",
    url ="https://hjemmehos.finn.no/hc/no/articles/115001940229-FINN-no-topp-30-innen-design-i-Norge-",
    addendum ="()"
}

@online{Quantitative_Methods,
    author = "USCLibraries",
    title = "Organizing Your Social Sciences Research Paper: Quantitative Methods",
    url ="http://libguides.usc.edu/writingguide/quantitative",
    addendum = "(accessed: 04.04.19)"
}

@online{Waterfall_model,
    author = "Lucidchart Content Team",
    title ="What the Waterfall Project Management Methodology Can(and Can't) Do for You",
    url = "https://www.lucidchart.com/blog/waterfall-project-management-methodology",
    addendum = "(accessed: 04.04.19)"
}

@online{Waterfall_phases,
    author = "Laury Hales",
    title = "Waterfall Model: Definition \& Example",
    url = "https://study.com/academy/lesson/waterfall-model-definition-example.html",
    addendum = "(accessed: 04.04.19)"
}

@online{plaintext-passwords-poor-practice,
    author = "Rick Falkvinge",
    title = "Another day, another breach: At what point does storing passwords in plaintext become criminally negligent?",
    url = "https://www.privateinternetaccess.com/blog/2018/04/another-day-another-breach-at-what-point-does-storing-passwords-in-plaintext-become-criminally-negligent/",
    addendum = "(accessed: 06.04.2019)"
}

@online{reuse-passwords,
    author = "Graham Cluley",
    title = "55\% of net users use the same password for most, if not all, websites. When will they learn?",
    url = "https://nakedsecurity.sophos.com/2013/04/23/users-same-password-most-websites/",
    addendum = "(accessed: 07.04.2019)"
}

@online{SDLC_Waterfall_Model,
    author = "tutorialspoint.com",
    title = "SDLC - Waterfall Model",
    url = "https://www.tutorialspoint.com/sdlc/sdlc_waterfall_model.htm",
    addendum = "(accessed: 10.04.19)"
}

@online{seguetech_waterfall_vs_agile,
    author = "Mary Lotz",
    title = "Waterfall vs Agile: Which is the right development methodology for your project?",
    url = "https://www.seguetech.com/waterfall-vs-agile-methodology/",
    addendum = "(accessed: 10.04.19)"
}

@online{Waterfall_Model:_What_is_it,
    author = "Andrew Powell-Morse",
    title = "Waterfall Model: What is it and when should you use it",
    url = "https://airbrake.io/blog/sdlc/waterfall-model",
    addendum = "(accessed: 11.04.19)"
}


